

@incollection{sb12,
author ={Margo Seltzer and Keith Bostic},
title = {Berkeley {DB}}, 
booktitle = {The Architecture of Open Source Applications}, 
year = {2012},
volume = {1},
editor = {Amy Brown and Greg Wilson},
publisher = {ISBN 978-1-257-63801-7},
}

@incollection{m12,
author ={Adam Marcus},
title = {The {NoSQL} Ecosystem}, 
booktitle = {The Architecture of Open Source Applications}, 
volume = {1},
year = {2012},
editor = {Amy Brown and Greg Wilson},
publisher = {ISBN 978-1-257-63801-7},
}

@inproceedings{obs99,
author ={Michael A. Olson and Keith Bostic and Margo Seltzer},
title = {Berkeley {DB}}, 
booktitle = {Proceedings of the FREENIX Track: 1999 USENIX Annual Technical Conference}, 
year = {1999},
}

@article{da+11,
author ={Petr Danecek and Adam Auton and Goncalo Abecasis
    and Cornelis A. Albers and  Eric Banks and  Mark A. DePristo 
    and Robert E. Handsaker and Gerton Lunter and Gabor T. Marth 
    and Stephen T. Sherry and  Gilean McVean and Richard Durbin
    and 1000 Genomes Project Analysis Group},
title = {The variant call format and {VCFtools}}, 
year = {2011},
journal = {Bioinformatics},
volume = {27},
number = {15},
pages = {2156--2158},
}

%    and Robert E. Handsaker and Gerton Lunter and Gabor T. Marth 
%    and Stephen T. Sherry and  Gilean McVean and Richard Durbin
%    and 1000 Genomes Project Analysis Group},
%


@article{li11,
author ={Heng Li},
title = {Tabix: fast retrieval of sequence features from generic {TAB}-delimited files.}, 
year = {2011},
journal = {Bioinformatics},
volume = {27},
number = {5},
pages = {718--719},
}

@article{mr+12,
author ={ Trudy F. C. Mackay and   Stephen Richards and    Eric A. Stone and 
Antonio Barbadilla and Julien F. Ayroles and 
and  Dianhui Zhu and      Sònia
Casillas and      Yi Han and      Michael M. Magwire and      Julie M. Cridland and 
Mark F. Richardson and      Robert R. H. Anholt and     Maite Barrón and    Crystal
Bess and    Kerstin Petra Blankenburg and  Mary Anna Carbone and    David Castellano and 
Lesley Chaboub and      Laura Duncan and    Zeke Harris and  Mehwish Javaid and     Joy
Christina Jayaseelan and    Shalini N. Jhangiani and    Katherine W. Jordan and 
Fremiet Lara and   Faye Lawrence and   Sandra L. Lee and   Pablo Librado and   Raquel
S. Linheiro and      Richard F. Lyman and    Aaron J. Mackey and     Mala Munidasa and 
Donna Marie Muzny and   Lynne Nazareth and      Irene Newsham and   Lora Perales and 
Ling-Ling Pu and    Carson Qu and   Miquel Ràmia and    Jeffrey G. Reid and     Stephanie
M. Rollmann and   Julio Rozas and     Nehad Saada and     Lavanya Turlapati and   Kim
C. Worley and   Yuan-Qing Wu and  Akihiko Yamamoto and      Yiming Zhu and      Casey
M. Bergman and    Kevin R. Thornton and   David Mittelman  and  Richard A. Gibbs
},
title = {The \textit{Drosophila melanogaster} Genetic Reference Panel},
year = {2012},
journal = {Nature},
volume = {482},
pages = {173--178},
}

%and  Dianhui Zhu and      Sònia
%Casillas and      Yi Han and      Michael M. Magwire and      Julie M. Cridland and 
%Mark F. Richardson and      Robert R. H. Anholt and     Maite Barrón and    Crystal
%Bess and    Kerstin Petra Blankenburg and  Mary Anna Carbone and    David Castellano and 
%Lesley Chaboub and      Laura Duncan and    Zeke Harris and  Mehwish Javaid and     Joy
%Christina Jayaseelan and    Shalini N. Jhangiani and    Katherine W. Jordan and 
%Fremiet Lara and   Faye Lawrence and   Sandra L. Lee and   Pablo Librado and   Raquel
%S. Linheiro and      Richard F. Lyman and    Aaron J. Mackey and     Mala Munidasa and 
%Donna Marie Muzny and   Lynne Nazareth and      Irene Newsham and   Lora Perales and 
%Ling-Ling Pu and    Carson Qu and   Miquel Ràmia and    Jeffrey G. Reid and     Stephanie
%M. Rollmann and   Julio Rozas and     Nehad Saada and     Lavanya Turlapati and   Kim
%C. Worley and   Yuan-Qing Wu and  Akihiko Yamamoto and      Yiming Zhu and      Casey
%M. Bergman and    Kevin R. Thornton and   David Mittelman  and  Richard A. Gibbs
%},


@webpage{pyvcf,
	title  = {PyVCF},
	url = {http://pyvcf.rtfd.org}
}

@webpage{freeze.vcf,
	title  = {Drosophila genetic reference panel, February 2013.},
	url = {ftp://ftp.hgsc.bcm.edu/DGRP/freeze2_Feb_2013/vcf_files/freeze2.vcf.gz}
}

@article{kzbhk10,
author ={W. J. Kent and  A. S. Zweig and  G. Barber and  A. S. Hinrichs and D. Karolchik},
title = {{BigWig} and {BigBed}: enabling browsing of large distributed datasets}, 
year = {2010},
journal = {Bioinformatics},
volume = {26},
number = {17},
pages = {2204--2207},
}

@article{d05,
author ={Peter J. Denning},
title = {The locality principle}, 
year = {2005},
journal = {Communications of the ACM},
volume = {48},
number = {7},
pages = {19--24},
}

@article{ieee08, 
journal={IEEE Std 754-2008}, 
title={IEEE Standard for Floating-Point Arithmetic}, 
year={2008}, 
pages={1-70}, 
doi={10.1109/IEEESTD.2008.4610935}
}





@article{,
author ={},
title = {}, 
year = {},
journal = {},
volume = {},
pages = {},
}




