@article{Bates2017,
  title   = {Slepian Spatial-Spectral Concentration Problem on the Sphere: Analytical Formulation for Limited Colatitude-Longitude Spatial Region},
  author  = {Bates, Alice P. and Khalid, Zubair and Kennedy, Rodney A.},
  year    = 2017,
  journal = {IEEE Transactions on Signal Processing},
  volume  = 65,
  number  = 6,
  pages   = {1527--1537},
  doi     = {10.1109/TSP.2016.2646668}
}
@article{Harris2020,
  title   = {Array programming with {NumPy}},
  author  = {Charles R. Harris and K. Jarrod Millman and St{\'{e}}fan J. van der Walt and Ralf Gommers and Pauli Virtanen and David Cournapeau and Eric Wieser and Julian Taylor and Sebastian Berg and Nathaniel J. Smith and Robert Kern and Matti Picus and Stephan Hoyer and Marten H. van Kerkwijk and Matthew Brett and Allan Haldane and Jaime Fern{\'{a}}ndez del R{\'{i}}o and Mark Wiebe and Pearu Peterson and Pierre G{\'{e}}rard-Marchant and Kevin Sheppard and Tyler Reddy and Warren Weckesser and Hameer Abbasi and Christoph Gohlke and Travis E. Oliphant},
  year    = 2020,
  journal = {Nature},
  volume  = 585,
  number  = 7825,
  pages   = {357--362},
  doi     = {10.1038/s41586-020-2649-2}
}
@article{Landau1961,
  title   = {Prolate spheroidal wave functions, {F}ourier analysis and uncertainty -- {II}},
  author  = {Landau, H. J. and Pollak, H. O.},
  year    = 1961,
  journal = {The Bell System Technical Journal},
  volume  = 40,
  number  = 1,
  pages   = {65--84},
  doi     = {10.1002/j.1538-7305.1961.tb03977.x}
}
@article{Landau1962,
  title   = {Prolate spheroidal wave functions, {F}ourier analysis and uncertainty -- {III}: The dimension of the space of essentially time- and band-limited signals},
  author  = {Landau, H. J. and Pollak, H. O.},
  year    = 1962,
  journal = {The Bell System Technical Journal},
  volume  = 41,
  number  = 4,
  pages   = {1295--1336},
  doi     = {10.1002/j.1538-7305.1962.tb03279.x}
}
@article{Leistedt2013,
  title   = {S2LET: A code to perform fast wavelet analysis on the sphere},
  author  = {{Leistedt, B.} and {McEwen, J. D.} and {Vandergheynst, P.} and {Wiaux, Y.}},
  year    = 2013,
  journal = {Astronomy \& Astrophysics},
  volume  = 558,
  pages   = {A128},
  doi     = {10.1051/0004-6361/201220729}
}
@inproceedings{Libigl2017,
  title     = {Libigl: Prototyping Geometry Processing Research in {C}++},
  author    = {Jacobson, Alec and Panozzo, Daniele},
  year      = 2017,
  booktitle = {SIGGRAPH Asia 2017 Courses},
  publisher = {Association for Computing Machinery},
  doi       = {10.1145/3134472.3134497},
  articleno = 11
}
@article{McEwen2011,
  title   = {A Novel Sampling Theorem on the Sphere},
  author  = {McEwen, Jason D. and Wiaux, Yves},
  year    = 2011,
  journal = {IEEE Transactions on Signal Processing},
  volume  = 59,
  number  = 12,
  pages   = {5876--5887},
  doi     = {10.1109/TSP.2011.2166394}
}
@online{Plotly2015,
  title  = {Collaborative data science},
  author = {Plotly Technologies Inc.},
  year   = 2015,
  url    = {https://plot.ly}
}
@article{Roddy2021,
  title   = {Sifting Convolution on the Sphere},
  author  = {Roddy, Patrick J. and McEwen, Jason D.},
  year    = 2021,
  journal = {IEEE Signal Processing Letters},
  volume  = 28,
  pages   = {304--308},
  doi     = {10.1109/LSP.2021.3050961}
}
@article{Roddy2022,
  title   = {Slepian Scale-Discretised Wavelets on the Sphere},
  author  = {Roddy, Patrick J. and McEwen, Jason D.},
  year    = 2022,
  journal = {IEEE Transactions on Signal Processing},
  volume  = 70,
  pages   = {6142--6153},
  doi     = {10.1109/TSP.2022.3233309}
}
@phdthesis{Roddy2022a,
  title  = {Slepian Wavelets for the Analysis of Incomplete Data on Manifolds},
  author = {Roddy, Patrick J.},
  year   = 2022,
  url    = {https://paddyroddy.github.io/thesis},
  school = {UCL (University College London)}
}
@misc{Roddy2023,
  title     = {Slepian Scale-Discretised Wavelets on Manifolds},
  author    = {Roddy, Patrick J. and McEwen, Jason D.},
  year      = 2023,
  publisher = {arXiv},
  url       = {https://arxiv.org/abs/2302.06006}
}
@software{Roddy2023a,
  title  = {SLEPLET: {S}lepian Scale-Discretised Wavelets in {P}ython},
  author = {Roddy, Patrick J.},
  year   = 2023,
  doi    = {10.5281/zenodo.7268074}
}
@article{Simons2006,
  title   = {Spatiospectral Concentration on a Sphere},
  author  = {Simons, Frederik J. and Dahlen, F. A. and Wieczorek, Mark A.},
  year    = 2006,
  journal = {SIAM Review},
  volume  = 48,
  number  = 3,
  pages   = {504--536},
  doi     = {10.1137/S0036144504445765}
}
@software{Simons2020,
  title  = {{slepian\_alpha}},
  author = {Frederik J Simons and Chris Harig and Alain Plattner and Max von Hippel and Albert},
  year   = 2020,
  doi    = {10.5281/zenodo.4085210}
}
@article{Slepian1961,
  title   = {Prolate spheroidal wave functions, {F}ourier analysis and uncertainty -- {I}},
  author  = {Slepian, D. and Pollak, H. O.},
  year    = 1961,
  journal = {The Bell System Technical Journal},
  volume  = 40,
  number  = 1,
  pages   = {43--63},
  doi     = {10.1002/j.1538-7305.1961.tb03976.x}
}
@article{Wiaux2008,
  title   = {Exact reconstruction with directional wavelets on the sphere},
  author  = {Wiaux, Y. and McEwen, J. D. and Vandergheynst, P. and Blanc, O.},
  year    = 2008,
  journal = {Monthly Notices of the Royal Astronomical Society},
  volume  = 388,
  number  = 2,
  pages   = {770--788},
  doi     = {10.1111/j.1365-2966.2008.13448.x}
}
@article{Wieczorek2018,
  title   = {{SHTools}: Tools for Working with Spherical Harmonics},
  author  = {Wieczorek, Mark A. and Meschede, Matthias},
  year    = 2018,
  journal = {Geochemistry, Geophysics, Geosystems},
  volume  = 19,
  number  = 8,
  pages   = {2574--2592},
  doi     = {10.1029/2018GC007529}
}
