
@article{Kostic2022,
  title={Learning dynamical systems via koopman operator regression in reproducing kernel hilbert spaces},
  author={Kostic, Vladimir and Novelli, Pietro and Maurer, Andreas and Ciliberto, Carlo and Rosasco, Lorenzo and Pontil, Massimiliano},
  journal={Advances in Neural Information Processing Systems},
  volume={35},
  pages={4017--4031},
  year={2022}
}
@misc{Kostic2023SpectralRates,
      title={Sharp Spectral Rates for Koopman Operator Learning}, 
      author={Vladimir Kostic and Karim Lounici and Pietro Novelli and Massimiliano Pontil},
      year={2023},
      eprint={2302.02004},
      archivePrefix={arXiv},
      primaryClass={cs.LG}
}
@misc{Kostic2023DPNets,
      title={Deep projection networks for learning time-homogeneous dynamical systems}, 
      author={Vladimir R. Kostic and Pietro Novelli and Riccardo Grazzi and Karim Lounici and Massimiliano Pontil},
      year={2023},
      eprint={2307.09912},
      archivePrefix={arXiv},
      primaryClass={cs.LG}
}
@inproceedings{Azencot2020CAE,
  title={Forecasting sequential data using consistent Koopman autoencoders},
  author={Azencot, Omri and Erichson, N Benjamin and Lin, Vanessa and Mahoney, Michael},
  booktitle={International Conference on Machine Learning},
  pages={475--485},
  year={2020},
  organization={PMLR}
}

@article{Arbabi2017,
  doi = {10.1137/17m1125236},
  url = {https://doi.org/10.1137/17m1125236},
  year = {2017},
  month = jan,
  publisher = {Society for Industrial {\&} Applied Mathematics ({SIAM})},
  volume = {16},
  number = {4},
  pages = {2096--2126},
  author = {Hassan Arbabi and Igor Mezi{\'{c}}},
  title = {Ergodic Theory,  Dynamic Mode Decomposition,  and Computation of Spectral Properties of the Koopman Operator},
  journal = {{SIAM} Journal on Applied Dynamical Systems}
}

@article{Wu2019,
  doi = {10.1007/s00332-019-09567-y},
  url = {https://doi.org/10.1007/s00332-019-09567-y},
  year = {2019},
  month = aug,
  publisher = {Springer Science and Business Media {LLC}},
  volume = {30},
  number = {1},
  pages = {23--66},
  author = {Hao Wu and Frank No{\'{e}}},
  title = {Variational Approach for Learning Markov Processes from Time Series Data},
  journal = {Journal of Nonlinear Science}
}
@article{Mardt2018,
  doi = {10.1038/s41467-017-02388-1},
  url = {https://doi.org/10.1038/s41467-017-02388-1},
  year = {2018},
  month = jan,
  publisher = {Springer Science and Business Media {LLC}},
  volume = {9},
  number = {1},
  author = {Andreas Mardt and Luca Pasquali and Hao Wu and Frank No{\'{e}}},
  title = {{VAMPnets} for deep learning of molecular kinetics},
  journal = {Nature Communications}
}